<record><leader>00000cas a22000007a 4500</leader><controlfield tag="001">15187924</controlfield><controlfield tag="008">870212c19679999inuwr ne      0    0eng d</controlfield><datafield ind1=" " ind2=" " tag="010"><subfield code="a">sn 87055310 </subfield></datafield><datafield ind1=" " ind2=" " tag="040"><subfield code="a">NPI</subfield><subfield code="b">eng</subfield><subfield code="c">NPI</subfield><subfield code="d">OCLCQ</subfield></datafield><datafield ind1=" " ind2=" " tag="042"><subfield code="a">msc</subfield></datafield><datafield ind1="0" ind2="4" tag="245"><subfield code="a">The New Wolcott enterprise.</subfield></datafield><datafield ind1=" " ind2=" " tag="260"><subfield code="a">Wolcott, Ind. :</subfield><subfield code="b">Richard M. Wheeler,</subfield><subfield code="c">1967-</subfield></datafield><datafield ind1=" " ind2=" " tag="310"><subfield code="a">Weekly</subfield></datafield><datafield ind1="0" ind2=" " tag="362"><subfield code="a">Vol. 1, no. 1 (July 27, 1967)-</subfield></datafield><datafield ind1=" " ind2=" " tag="500"><subfield code="a">"Your tri-county newspaper."</subfield></datafield><datafield ind1=" " ind2=" " tag="752"><subfield code="a">United States</subfield><subfield code="b">Indiana</subfield><subfield code="c">White</subfield><subfield code="d">Wolcott.</subfield></datafield><datafield ind1=" " ind2=" " tag="752"><subfield code="a">United States</subfield><subfield code="b">Indiana</subfield><subfield code="c">Newton.</subfield></datafield><datafield ind1=" " ind2=" " tag="752"><subfield code="a">United States</subfield><subfield code="b">Indiana</subfield><subfield code="c">Benton.</subfield></datafield></record>